@online{Pokemon,
  author = {The Pokemon Company},
  title  = {Pokémon Scarlet and Pokémon Violet | Official Website},
  url    = {https://scarletviolet.pokemon.com/en-us/},
  year   = {2022}
}

@online{WaysToPlayPokemon,
  author = {Lucas Cadigan-Carranza},
  title  = {8 different ways to play a Pokémon game},
  url    = {https://www.theoakleafnews.com/arts-entertainment/2022/09/18/8-different-ways-to-play-a-pokemon-game/},
  date   = {2022-09-18}
}

@online{PokeEnv,
  author = {Haris Sahovic},
  title  = {Poke-env: A Python Interface for Training Reinforcement Learning Pokémon Bots},
  url    = {https://poke-env.readthedocs.io/en/stable/},
  year   = {2024}
}

@online{PyTorchVsTensorFlow,
  author = {Aleksa Gordić},
  title  = {PyTorch or TensorFlow?},
  url    = {https://www.youtube.com/watch?v=NuJB-RjhMH4},
  year   = {2020}
}

@online{GoogleCloud-UL,
  author = {Google Cloud},
  title  = {Google Cloud},
  url    = {https://cloud.google.com/discover/what-is-unsupervised-learning?hl=da},
  year   = {2025}
}

@online{GoogleCloud-SL,
  author = {Google Cloud},
  title  = {Google Cloud},
  url    = {https://cloud.google.com/discover/what-is-supervised-learning?hl=da},
  year   = {2025}
}

@online{ML-Models,
  author = {DataBricks},
  title  = {databricks},
  url    = {https://www.databricks.com/glossary/machine-learning-models},
  year   = {2025}
}

@online{PythonForMachineLearning,
  author = {GeeksForGeeks},
  title  = {Python for Machine Learning},
  url    = {https://www.geeksforgeeks.org/python-for-machine-learning/},
  year   = {2025}
}

@online{C++VsPythonML,
  author = {ML Concepts},
  title  = {C++ vs. Python for Machine Learning: Which Language Should You Choose?},
  url    = {https://www.linkedin.com/pulse/c-vs-python-machine-learning-which-language-should-you/},
  year   = {2023}
}

@online{C++,
  author = {GeeksForGeeks},
  title  = {C++ Programming Language},
  url    = {https://www.geeksforgeeks.org/c-plus-plus/},
  year   = {2025}
}

@online{NintendoDataLeak,
  author = {Wikipedia},
  title = {Nintendo Data Leak},
  url = {https://en.wikipedia.org/wiki/Nintendo_data_leak},
  year = {2025}
}

@online{PokemonProgrammingLanguageForumPost,
  author = {Fizz},
  title = {What programming language were all generations of the core series games written with?},
  url = {https://pokemondb.net/pokebase/257153/what-programming-language-generations-series-games-written},
  year = {2023}
}

@online{ChatGPTPokemonProgrammingLanguage,
  author = {ChatGPT},
  url = {https://chatgpt.com/share/67a76d65-44a8-8002-9418-7ad898633b84},
  year = {2025}
}

@online{AtwoodsLaw,
  author = {Jeff Atwood},
  title = {All Programming is Web Programming},
  url = {https://blog.codinghorror.com/all-programming-is-web-programming/},
  year = {2009}
}

@online{BrainJS,
  author = {brain.js},
  title = {Brain.js: GPU accelerated Neural networks in JavaScript for Browsers and Node.js},
  url = {https://brain.js.org/},
  year = {2025}
}

@online{TensorFlowJS,
  author = {Google},
  title = {TensorFlow.js is a library for machine learning in JavaScript},
  url = {https://www.tensorflow.org/js},
  year = {2025}
}

@online{ML5JS,
  author = {ml5.js},
  title = {ml5.js | Friendly Machine Learning for the Web},
  url = {https://ml5js.org/},
  year = {2025}
}

@online{WebGPUvsCUDA,
  author = {Aircada},
  title = {At First Glance: WebGPU vs CUDA},
  url = {https://aircada.com/blog/webgpu-vs-cuda},
  year = {2024}
}

@online{DeepLearningInBrowsers,
  author = {Qipeng Wang and Shiqi Jiang and Zhenpeng Chen and Xu Cao and Yuanchun Li and Aoyu Li and Yun Ma and Ting Cao and Xuanzhe Liu},
  title = {Anatomizing Deep Learning Inference in Web Browsers},
  url = {https://arxiv.org/abs/2402.05981},
  year = {2024}
}

@online{Unity,
  author = {Microsoft},
  title = {Unity: Start building games and more with the Unity real-time 3D platform.},
  url = {https://dotnet.microsoft.com/en-us/apps/games/unity},
  year = {2025}
}

@online{UnityMLAgents,
  author = {Unity},
  title = {ML-Agents Overview},
  url = {https://docs.unity3d.com/Packages/com.unity.ml-agents@3.0/manual/index.html},
  year = {2025}
}

@online{DataMining,
  author = {Soumen Chakrabarti and Martin Ester and Usama Fayyad and Johannes Gehrke and Jiawei Han and Shinichi Morishita and Gregory Piatetsky-Shapiro and Wei Wang},
  title = {Data Mining Curriculum},
  url = {https://www.kdd.org/curriculum/index.html},
  year = {2006}
}

@online{RenegadePlatinum,
  author = {Drayano60},
  title = {Pokémon Renegade Platinum Wiki},
  url = {https://fredericdlugi.github.io/platinum-renegade-wiki/},
  year = {2019}
}

@online{DataMiningPokemon,
  author = {Eevee},
  title = {Datamining Pokemon},
  url = {https://eev.ee/blog/2017/08/02/datamining-pokemon/},
  year = {2017}
}